<?xml version="1.0" encoding="UTF-8"?><collection xmlns="http://www.loc.gov/MARC21/slim"><record><leader>00356nam--2200121-i-4500</leader><controlfield tag="001">000002368</controlfield><controlfield tag="002">20161230</controlfield><controlfield tag="005">20161230201025</controlfield><controlfield tag="008">060222s1000------------r-----000-0-eng-d</controlfield><datafield ind1=" " ind2=" " tag="080"><subfield code="a">551.510.7</subfield></datafield><datafield ind1=" " ind2=" " tag="245"><subfield code="a">Filter pack technique for classifying. radioactive aerosols by particle size</subfield></datafield><datafield ind1=" " ind2=" " tag="260"><subfield code="a">Washington, U. S. Naval Research Laboratory, 1964</subfield></datafield><datafield ind1=" " ind2=" " tag="852"><subfield code="a">27110</subfield></datafield></record></collection>